<?xml version="1.0" encoding="UTF-8"?><collection xmlns="http://www.loc.gov/MARC21/slim"><record><leader>00362nam--2200145-i-4500</leader><controlfield tag="001">000013983</controlfield><controlfield tag="002">20161230</controlfield><controlfield tag="005">20170219234300</controlfield><controlfield tag="008">060222s1000------------r-----000-0-eng-d</controlfield><datafield ind1=" " ind2=" " tag="245"><subfield code="a">Proceedings</subfield></datafield><datafield ind1=" " ind2=" " tag="260"><subfield code="a">Bombay</subfield><subfield code="b">Bhabba Atomic Research Centre</subfield><subfield code="c">1980</subfield></datafield><datafield ind1=" " ind2=" " tag="300"><subfield code="a">454 p</subfield></datafield><datafield ind1=" " ind2=" " tag="700"><subfield code="a">Pandit, L. K</subfield></datafield><datafield ind1=" " ind2=" " tag="852"><subfield code="a">539.12.162.8(061.3)</subfield></datafield><datafield ind1=" " ind2=" " tag="CAT"><subfield code="a">SYS</subfield><subfield code="c">20170219</subfield><subfield code="h">234300</subfield></datafield></record></collection>